@PREAMBLE{ {\providecommand{\noopsort}[1]{}} }

@article{debruijn-72,
	title = {Lambda Calculus Notation with Nameless Dummies, a Tool for Automatic Formula Manipulation, with Application to the {Church-Rosser} Theorem},
	author = "{\noopsort{Bruijn}{N. G. de Bruijn}}",
	journal = {Indagationes Mathematicae},
	pages = {381--392},
	year = {1972}
}

@inproceedings{aydemir-et-al-08,
	title = {Engineering Formal Metatheory},
	author = {B. Aydemir and A. Chargu\'eraud and B. C. Pierce and R. Pollack and S. Weirich},
	booktitle = {{ACM} {SIGPLAN} - {SIGACT} Symposium on Principles of Programming Languages},
	pages = {3--15},
	year = {2008}
}

@manual{coq-refman-09,
  title =        {The {C}oq proof assistant reference manual},
  author =       {\mbox{The {C}oq development team}},
  organization = {LogiCal Project},
  year =         {2009},
  note =         {Version 8.2, \url{http://coq.inria.fr/doc/}}
}

@book{bertot-casteran-04,
  title        = {Interactive Theorem Proving and Program Development. {Coq'Art}: The Calculus of Inductive Constructions},
  author       = {Y. Bertot and P. Cast{\'e}ran},
  series       = {Texts in Theoretical Computer Science},
  year         = {2004},
  publisher    = {Springer-Verlag}
}

@unpublished{chargueraud-09,
  title        = {The Locally Nameless Representation},
  author       = {A. Chargu{\'e}raud},
  year         = {2009},
  note         = {To appear in Journal of Automated Reasoning, \url{http://arthur.chargueraud.org/research/2009/ln/}}
}

@unpublished{aydemir-weirich-09,
  title        = {LNgen: Tool Support for Locally Nameless Representations},
  author       = {B. Aydemir and S. Weirich},
  year         = {2009},
  note         = {Draft, \url{http://www.cis.upenn.edu/~baydemir/papers/lngen/}}
}

@article{pitts-03,
  title =	 {Nominal Logic, A First Order Theory of Names and Binding},
  author =	 {A. M. Pitts},
  journal =	 {Information and Computation},
  year =	 2003,
  pages =	 {165--193},
  volume =	 {186}
}

@article{urban-08,
 title = {Nominal Techniques in {I}sabelle/{HOL}},
 author = {C. Urban},
 journal = {Journal of Automatic Reasoning},
 volume = {40},
 number = {4},
 year = {2008},
 pages = {327--356}
}

@inproceedings{poplmark-challenge-05,
	title = {Mechanized Metatheory for the Masses: {T}he {POPLmark} Challenge},
	author = {B. E. Aydemir and A. Bohannon and M. Fairbairn and N. J. Foster and B. C. Pierce and P. Sewell and D. Vytiniotis and G. Washburn and S. Weirich and S. Zdancewic},
	booktitle = {International Conference on Theorem Proving in Higher Order Logics},
    pages     = {50--65},
	year = {2005}
}

@techreport{leroy-07,
    title = {A locally nameless solution to the {POPL}mark challenge},
    author = {X. Leroy},
    type = {Research Report},
    institution = {INRIA},
    number = {{RR}-6098},
    year = {2007}
}

@unpublished{stump-05,
	title = {{POPLmark} 1a with Named Bound Variables},
	author = {A. Stump},
	note = {\url{http://www.cs.uiowa.edu/~astump/poplmark-coq/}},
	year = {2005}
}

@inproceedings{capretta-felty-06,
	title = {Higher Order Abstract Syntax in Type Theory},
	author = {V. Capretta and A. Felty},
	booktitle = {Logic Colloquium},
	year = {2006}
}

@misc{vouillon-05,
  title =        {{POPLmark} Challenge, Parts 1 and 2},
  author =       {J. Vouillon},
  year =         {2005},
  note =         {Coq code available at \url{http://www.cis.upenn.edu/~plclub/wiki-static/vouillon-coq.tar.gz}}
}

@inproceedings{mcbride-mckinna-04,
	title = {Functional Pearl: {I} Am Not a Number -- {I} Am a Free Variable},
	author = {C. Mc{B}ride and J. Mc{K}inna},
	booktitle = {Proceedings of the {ACM SIGPLAN} workshop on {H}askell},
	pages = {1--9},
	year = {2004}
}

@article{stoughton-88,
	title = {Substitution revisited},
	author = {A. Stoughton},
	journal = {Theoretical Computer Science},
	number = {3},
	pages = {317--325},
	volume = {59},
	year = {1988}
}

@book{barendregt-84,
	title = {The {L}ambda {C}alculus: its {S}yntax and {S}emantics},
	author = {H. P. Barendregt},
	volume = {103},
	series = {Studies in Logic and the Foundations of Mathematics},
	year = {1984}
}

@inproceedings{cardelli-martini-mitchell-scedrov-94,
	title = {An Extension of {S}ystem {F} with Subtyping},
	author = {L. Cardelli and S. Martini and J. C. Mitchell and A. Scedrov},
	booktitle = {Information and Computation},
	pages = {750--770},
	volume = {109},
	year = {1994}
}

