@misc{Coq-89,
  title =        {The {Coq} proof assistant},
  author =       {Coq development team},
  organization = {LogiCal Project},
  note =         {Software and documentation available at {\href{http://coq.inria.fr/}{\texttt{http://coq.inria.fr/}}}},
  year =         {1989-2008},
  url =          "http://coq.inria.fr"
}

@book{CoqArt-04,
  author       = "Y. Bertot and P. Cast\'eran",
  title        = "Interactive Theorem Proving and Program Development. Coq'Art: The Calculus of Inductive Constructions",
  series       = "Texts in Theoretical Computer Science",
  year         = "2004",
  publisher    = "Springer Verlag",
  url          = "http://www.labri.fr/publications/l3a/2004/BC04"
}

@inproceedings{Poplmark-Challenge-05,
	author = {B. E. Aydemir and A. Bohannon and M. Fairbairn and N. J. Foster and B. C. Pierce and P. Sewell and D. Vytiniotis and G. Washburn and S. Weirich and S. Zdancewic},
	booktitle = {International Conference on Theorem Proving in Higher Order Logics (TPHOLs)},
	pdf = {http://www.cis.upenn.edu/~geoffw/research/papers/poplmark.pdf},
	title = {Mechanized metatheory for the masses: {T}he {POPLmark} Challenge},
	url = {http://www.cis.upenn.edu/~geoffw/research/papers/poplmark.pdf},
	year = {2005}
}

@inproceedings{Chlipala-07,
 author = {A. Chlipala},
 title = {A certified type-preserving compiler from lambda calculus to assembly language},
 booktitle = {Programming Language Design and Implementation 2007},
 year = {2007},
 isbn = {978-1-59593-633-2},
 pages = {54--65},
 doi = {http://doi.acm.org/10.1145/1250734.1250742},
 publisher = {ACM Press},
}

@techreport{Leroy-07,
  author = {X. Leroy},
  title = {A locally nameless solution to the {POPLmark} challenge},
  institution = {INRIA},
  year = 2007
}

@misc{Stump-05,
	author = {Stump, Aaron  },
	title = {POPLmark 1a with Named Bound Variables},
	url = {http://cl.cse.wustl.edu/poplmark.html},
	year = {2005}
}

@inproceedings{Capretta-Felty-2006,
	author = {Capretta, Venanzio   and Felty, Amy  },
	booktitle = {Logic Colloquium 2006},
	title = {Higher Order Abstract Syntax in Type Theory},
	url = {http://www.cs.ru.nl/\~{}venanzio/publications/HOUA.pdf},
	year = {2006}
}

@inproceedings{Cardelli-Martini-Mitchell-Scedrov-94,
	author = {Cardelli, Luca   and Martini, Simone   and Mitchell, John  C.  and Scedrov, Andre  },
	booktitle = {Information and Computation},
	pages = {750--770},
	title = {An extension of system F with subtyping},
	url = {http://citeseerx.ist.psu.edu/viewdoc/summary?doi=10.1.1.35.8290},
	volume = {109},
	year = {1994}
}

@misc{Vouillon-05,
  title =        {PoplMark Challenge, parts 1a and 2a},
  author =       {Vouillon, Jerome},
  year =         {2005},
  url =          "http://www.cis.upenn.edu/~plclub/wiki-static/vouillon-coq.tar.gz"
}
